@phdthesis{da2009roboeduc,
  title={RoboEduc: Uma metodologia de aprendizado com Rob{\'o}tica Educacional},
  author={Da Silva, Alzira Ferreira},
  year={2009},
  school={UNIVERSIDADE FEDERAL DO RIO GRANDE DO NORTE}
}

@book{murphy2000introduction,
  title={Introduction to AI robotics},
  author={Murphy, Robin},
  year={2000},
  publisher={MIT press}
}

@article{russel2004inteligencia,
  title={Intelig{\^e}ncia artificial},
  author={Russel, Stuart and Norvig, Peter},
  journal={Editora Campus},
  year={2004}
}

@article{kamenfirst,
  title={First lego league},
  author={Kamen, Dean and Kristiansen, Kjeld Kirk},
  year={2010}
}

@book{tucker2009linguagens,
  title={Linguagens de Programa{\c{c}}{\~a}o-: Princ{\'\i}pios e Paradigmas},
  author={Tucker, Allen and Noonan, Robert},
  year={2009},
  publisher={Grupo A Educa{\c{c}}{\~a}o}
}

@book{torvalds2001just,
  title={Just for fun: The story of an accidental revolutionary},
  author={Torvalds, Linus and Read By-Diamond, David},
  year={2001},
  publisher={Harper Audio}
}

@book{ac2002elaborar,
  title={Como elaborar projetos de pesquisa},
  author={Gil, Antonio Carlos},
  year={2002},
  publisher={S{\~a}o Paulo (SP): Atlas}
}

@book{prodanov2013metodologia,
  title={Metodologia do Trabalho Cient{\'\i}fico: M{\'e}todos e T{\'e}cnicas da Pesquisa e do Trabalho Acad{\^e}mico-2{\textordfeminine} Edi{\c{c}}{\~a}o},
  author={Prodanov, Cleber Cristiano and de Freitas, Ernani Cesar},
  year={2013},
  publisher={Editora Feevale}
}